@misc{introCPP,
	title={Статья: Электронный пропускной режим:
	контроль рабочего времени.},
	howpublished={[Электронный ресурс]. ~--- Режим доступа:
	\url{https://ric501.ru/wp-content/uploads/sites/29/2021/06/Statya-Elektronnyj-propusknoj-rezhim-kontrol-rabochego-vrem.pdf} (дата обращения: 23.03.24).}
}

@inbook{baseDB,
	author={М.~М.~Крикунов and А.~Н.~Поручиков},
	title={ОСНОВЫ БАЗ ДАННЫХ.},
	pages={84},
	language={russian},
	year={2021}
}

@inbook{highloadApps,
	author={М.~Клеппман},
	title={Высоконагруженные приложения. Программирование, масштабирование, поддержка.},
	pages={640},
	language={russian},
	year={2018}
}

@misc{popularDB,
	title={Выбор системы управления базами данных для программного комплекса приемной комиссии ДонНТУ.},
	howpublished={[Электронный ресурс]. ~--- Режим доступа:
	\url{https://www.elibrary.ru/download/elibrary_42755755_50959451.pdf} (дата обращения: 24.03.24).}
}

@misc{compareDBs,
	title={A COMPARISON BETWEEN NOSQL AND RDBMS: STORAGE AND RETRIEVAL.},
	howpublished={[Электронный ресурс]. ~--- Режим доступа:
	\url{https://www.minarjournal.com/dergi/a-comparison-between-nosql-and-rdbms-storage-and-retrieva20230620121910.pdf} (дата обращения: 24.03.24).}
}

@misc{postgresql,
	title={About PostgreSQL.},
	howpublished={[Электронный ресурс]. ~--- Режим доступа:
	\url{https://www.postgresql.org/about/} (дата обращения: 24.03.24).}
}

@misc{mysql,
	title={About MySQL.},
	howpublished={[Электронный ресурс]. ~--- Режим доступа:
	\url{https://www.oracle.com/mysql/what-is-mysql/} (дата обращения: 24.03.24).}
}

@misc{cmpSCDB1,
	title={Сравнение различных СУБД.},
	howpublished={[Электронный ресурс]. ~--- Режим доступа:
	\url{https://www.elibrary.ru/download/elibrary_26575086_73187539.pdf} (дата обращения: 24.03.24).}
}

@misc{cmpSCDB2,
	title={СРАВНИТЕЛЬНЫЙ АНАЛИЗ РЕЛЯЦИОННЫХ СУБД, ПРИМЕНЯЕМЫХ ДЛЯ WEB~-~ПРИЛОЖЕНИЯ.},
	howpublished={[Электронный ресурс]. ~--- Режим доступа:
	\url{https://www.elibrary.ru/download/elibrary_48375110_15267617.pdf} (дата обращения: 24.03.24).}
}

@misc{cmpSCDB3,
	title={СРАВНЕНИЕ MYSQL и POSTGRESQL.},
	howpublished={[Электронный ресурс]. ~--- Режим доступа:
	\url{https://www.elibrary.ru/download/elibrary_58803813_49724862.pdf} (дата обращения: 24.03.24).}
}

@misc{cmpSCDB4,
	title={ВЫБОР БАЗЫ ДАННЫХ ДЛЯ БЛАГОТВОРИТЕЛЬНОГО БЕСПЛАТНОГО ПРОЕКТА. СРАВНЕНИЕ POSTGRESQL И MYSQL.},
	howpublished={[Электронный ресурс]. ~--- Режим доступа:
	\url{https://www.elibrary.ru/download/elibrary_44179284_40949532.pdf} (дата обращения: 24.03.24).}
}

@misc{cmpSCDB5,
	title={ВЫБОР БАЗЫ ДАННЫХ ДЛЯ БЛАГОТВОРИТЕЛЬНОГО БЕСПЛАТНОГО ПРОЕКТА. СРАВНЕНИЕ POSTGRESQL И MYSQL.},
	howpublished={[Электронный ресурс]. ~--- Режим доступа:
	\url{https://www.elibrary.ru/download/elibrary_36316536_76885812.pdf} (дата обращения: 24.03.24).}
}

@misc{nosql,
	title={Системы управления данными категории NoSQL.},
	howpublished={[Электронный ресурс]. ~--- Режим доступа:
	\url{https://www.ispras.ru/publications/nosql_data_management_systems.pdf} (дата обращения: 24.03.24).}
}

@misc{cmpNosql1,
	title={Сравнение MongoDB и Redis.},
	howpublished={[Электронный ресурс]. ~--- Режим доступа:
	\url{https://www.mongodb.com/compare/mongodb-vs-redis} (дата обращения: 25.03.24).}
}

@misc{cmpNosqlSCDB,
	title={СРАВНЕНИЕ ПРОИЗВОДИТЕЛЬНОСТИ РЕЛЯЦИОННЫХ И НЕРЕЛЯЦИОННЫХ БАЗ ДАННЫХ НА ПРИМЕРЕ MYSQL И MONGODB.},
	howpublished={[Электронный ресурс]. ~--- Режим доступа:
	\url{https://www.elibrary.ru/download/elibrary_29650154_63824441.pdf} (дата обращения: 25.03.24).}
}